@article{kingma2014adam,
  title={Adam: A method for stochastic optimization},
  author={Kingma, Diederik and Ba, Jimmy},
  journal={arXiv preprint arXiv:1412.6980},
  year={2014}
}

@misc{emdata,
  author = {ISBI Challenge: Segmentation of neuronal structures in EM stacks},
  title = {EM stacks},
  year = {2012},
  publisher = {website},
  howpublished = {http://brainiac2.mit.edu/isbi\_challenge/home}
}

@misc{convolution,
  author = {Apple},
  title = {Performing Convolution Operations},
  year = {2000},
  publisher = {website},
  howpublished = {https://developer.apple.com/library/content/documentation/Performance/Conceptual/vImage/ConvolutionOperations/ConvolutionOperations.html}
}

@misc{maxpooling,
  author = {Andrej Karpathy},
  title = {Convolutional Neural Networks (CNNs / ConvNets)},
  year = {2013},
  publisher = {website},
  howpublished = {http://cs231n.github.io/convolutional-networks/\#pool}
}


% Activation Stuff
@inproceedings{nair2010rectified,
  title={Rectified linear units improve restricted boltzmann machines},
  author={Nair, Vinod and Hinton, Geoffrey E},
  booktitle={Proceedings of the 27th International Conference on Machine Learning (ICML-10)},
  pages={807--814},
  year={2010}
}

@inproceedings{maas2013rectifier,
  title={Rectifier nonlinearities improve neural network acoustic models},
  author={Maas, Andrew L and Hannun, Awni Y and Ng, Andrew Y},
  booktitle={Proc. ICML},
  volume={30},
  number={1},
  year={2013}
}

@inproceedings{glorot2011deep,
  title={Deep Sparse Rectifier Neural Networks.},
  author={Glorot, Xavier and Bordes, Antoine and Bengio, Yoshua},
  booktitle={Aistats},
  volume={15},
  number={106},
  pages={275},
  year={2011}
}

@inproceedings{zeiler2013rectified,
  title={On rectified linear units for speech processing},
  author={Zeiler, Matthew D and Ranzato, M and Monga, Rajat and Mao, Min and Yang, Kun and Le, Quoc Viet and Nguyen, Patrick and Senior, Alan and Vanhoucke, Vincent and Dean, Jeffrey and others},
  booktitle={2013 IEEE International Conference on Acoustics, Speech and Signal Processing},
  pages={3517--3521},
  year={2013},
  organization={IEEE}
}

@inproceedings{he2015delving,
  title={Delving deep into rectifiers: Surpassing human-level performance on imagenet classification},
  author={He, Kaiming and Zhang, Xiangyu and Ren, Shaoqing and Sun, Jian},
  booktitle={Proceedings of the IEEE International Conference on Computer Vision},
  pages={1026--1034},
  year={2015}
}

@article{clevert2015fast,
  title={Fast and accurate deep network learning by exponential linear units (elus)},
  author={Clevert, Djork-Arn{\'e} and Unterthiner, Thomas and Hochreiter, Sepp},
  journal={arXiv preprint arXiv:1511.07289},
  year={2015}
}

@article{trottier2016parametric,
  title={Parametric Exponential Linear Unit for Deep Convolutional Neural Networks},
  author={Trottier, Ludovic and Gigu{\`e}re, Philippe and Chaib-draa, Brahim},
  journal={arXiv preprint arXiv:1605.09332},
  year={2016}
}

% Other General Net Improvements
@article{hinton2012improving,
  title={Improving neural networks by preventing co-adaptation of feature detectors},
  author={Hinton, Geoffrey E and Srivastava, Nitish and Krizhevsky, Alex and Sutskever, Ilya and Salakhutdinov, Ruslan R},
  journal={arXiv preprint arXiv:1207.0580},
  year={2012}
}

@article{srivastava2014dropout,
  title={Dropout: a simple way to prevent neural networks from overfitting.},
  author={Srivastava, Nitish and Hinton, Geoffrey E and Krizhevsky, Alex and Sutskever, Ilya and Salakhutdinov, Ruslan},
  journal={Journal of Machine Learning Research},
  volume={15},
  number={1},
  pages={1929--1958},
  year={2014}
}

@inproceedings{wang2013fast,
  title={Fast dropout training.},
  author={Wang, Sida I and Manning, Christopher D},
  booktitle={ICML (2)},
  pages={118--126},
  year={2013}
}

@inproceedings{ba2013adaptive,
  title={Adaptive dropout for training deep neural networks},
  author={Ba, Jimmy and Frey, Brendan},
  booktitle={Advances in Neural Information Processing Systems},
  pages={3084--3092},
  year={2013}
}

@inproceedings{tompson2015efficient,
  title={Efficient object localization using convolutional networks},
  author={Tompson, Jonathan and Goroshin, Ross and Jain, Arjun and LeCun, Yann and Bregler, Christoph},
  booktitle={Proceedings of the IEEE Conference on Computer Vision and Pattern Recognition},
  pages={648--656},
  year={2015}
}

@article{ioffe2015batch,
  title={Batch normalization: Accelerating deep network training by reducing internal covariate shift},
  author={Ioffe, Sergey and Szegedy, Christian},
  journal={arXiv preprint arXiv:1502.03167},
  year={2015}
}


% Keras and TF
@misc{chollet2015,
  author = {Fran√ßois Chollet },
  title = {keras},
  year = {2015},
  publisher = {GitHub},
  journal = {GitHub repository},
  howpublished = {https://github.com/fchollet/keras}
}

@article{abadi2015tensorflow,
  title={TensorFlow: Large-scale machine learning on heterogeneous systems, 2015},
  author={Abadi, Mart{\i}n and Agarwal, Ashish and Barham, Paul and Brevdo, Eugene and Chen, Zhifeng and Citro, Craig and Corrado, Greg S and Davis, Andy and Dean, Jeffrey and Devin, Matthieu and others},
  journal={Software available from tensorflow. org},
  volume={1},
  year={2015}
}


% Papers
@article{hubel1968receptive,
  title={Receptive fields and functional architecture of monkey striate cortex},
  author={Hubel, David H and Wiesel, Torsten N},
  journal={The Journal of physiology},
  volume={195},
  number={1},
  pages={215--243},
  year={1968},
  publisher={Wiley Online Library}
}

@techreport{rumelhart1985learning,
  title={Learning internal representations by error propagation},
  author={Rumelhart, David E and Hinton, Geoffrey E and Williams, Ronald J},
  year={1985},
  institution={DTIC Document}
}

@inproceedings{lecun1990handwritten,
  title={Handwritten digit recognition with a back-propagation network},
  author={LeCun, Y and Boser, B and Denker, JS and Henderson, D and Howard, RE and Hubbard, W and Jackel, LD},
  booktitle={Advances in neural information processing systems 2, NIPS 1989},
  pages={396--404},
  year={1990},
  organization={Morgan Kaufmann Publishers}
}

@article{hecht1988theory,
  title={Theory of the backpropagation neural network.},
  author={Hecht-Nielsen, Robert and others},
  journal={Neural Networks},
  volume={1},
  number={Supplement-1},
  pages={445--448},
  year={1988}
}

@inproceedings{chen2013vehicle,
  title={Vehicle detection in satellite images by parallel deep convolutional neural networks},
  author={Chen, Xueyun and Xiang, Shiming and Liu, Cheng-Lin and Pan, Chun-Hong},
  booktitle={Pattern Recognition (ACPR), 2013 2nd IAPR Asian Conference on},
  pages={181--185},
  year={2013},
  organization={IEEE}
}

@article{du2016fused,
  title={Fused DNN: A deep neural network fusion approach to fast and robust pedestrian detection},
  author={Du, Xianzhi and El-Khamy, Mostafa and Lee, Jungwon and Davis, Larry S},
  journal={arXiv preprint arXiv:1610.03466},
  year={2016}
}

@article{li2015automatic,
  title={Automatic segmentation of liver tumor in CT images with deep convolutional neural networks},
  author={Li, Wen and Jia, Fucang and Hu, Qingmao},
  journal={Journal of Computer and Communications},
  volume={3},
  number={11},
  pages={146},
  year={2015},
  publisher={Scientific Research Publishing}
}

@inproceedings{lyksborg2015ensemble,
  title={An ensemble of 2d convolutional neural networks for tumor segmentation},
  author={Lyksborg, Mark and Puonti, Oula and Agn, Mikael and Larsen, Rasmus},
  booktitle={Scandinavian Conference on Image Analysis},
  pages={201--211},
  year={2015},
  organization={Springer}
}

@article{kainz2015semantic,
  title={Semantic segmentation of colon glands with deep convolutional neural networks and total variation segmentation},
  author={Kainz, Philipp and Pfeiffer, Michael and Urschler, Martin},
  journal={arXiv preprint arXiv:1511.06919},
  year={2015}
}

@article{havaei2017brain,
  title={Brain tumor segmentation with deep neural networks},
  author={Havaei, Mohammad and Davy, Axel and Warde-Farley, David and Biard, Antoine and Courville, Aaron and Bengio, Yoshua and Pal, Chris and Jodoin, Pierre-Marc and Larochelle, Hugo},
  journal={Medical image analysis},
  volume={35},
  pages={18--31},
  year={2017},
  publisher={Elsevier}
}

@article{lin2013network,
  title={Network in network},
  author={Lin, Min and Chen, Qiang and Yan, Shuicheng},
  journal={arXiv preprint arXiv:1312.4400},
  year={2013}
}

@article{he2015deep,
  title={Deep residual learning for image recognition},
  author={He, Kaiming and Zhang, Xiangyu and Ren, Shaoqing and Sun, Jian},
  journal={arXiv preprint arXiv:1512.03385},
  year={2015}
}

@inproceedings{szegedy2015going,
  title={Going deeper with convolutions},
  author={Szegedy, Christian and Liu, Wei and Jia, Yangqing and Sermanet, Pierre and Reed, Scott and Anguelov, Dragomir and Erhan, Dumitru and Vanhoucke, Vincent and Rabinovich, Andrew},
  booktitle={Proceedings of the IEEE Conference on Computer Vision and Pattern Recognition},
  pages={1--9},
  year={2015}
}

@article{krizhevsky2010convolutional,
  title={Convolutional deep belief networks on cifar-10},
  author={Krizhevsky, Alex and Hinton, G},
  journal={Unpublished manuscript},
  volume={40},
  year={2010}
}

@inproceedings{krizhevsky2012imagenet,
  title={Imagenet classification with deep convolutional neural networks},
  author={Krizhevsky, Alex and Sutskever, Ilya and Hinton, Geoffrey E},
  booktitle={Advances in neural information processing systems},
  pages={1097--1105},
  year={2012}
}

@InProceedings{Girshick_2014_CVPR,
author = {Girshick, Ross and Donahue, Jeff and Darrell, Trevor and Malik, Jitendra},
title = {Rich Feature Hierarchies for Accurate Object Detection and Semantic Segmentation},
booktitle = {The IEEE Conference on Computer Vision and Pattern Recognition (CVPR)},
month = {June},
year = {2014}
}

@inproceedings{girshick2015fast,
  title={Fast r-cnn},
  author={Girshick, Ross},
  booktitle={Proceedings of the IEEE International Conference on Computer Vision},
  pages={1440--1448},
  year={2015}
}

@inproceedings{ren2015faster,
  title={Faster R-CNN: Towards real-time object detection with region proposal networks},
  author={Ren, Shaoqing and He, Kaiming and Girshick, Ross and Sun, Jian},
  booktitle={Advances in neural information processing systems},
  pages={91--99},
  year={2015}
}

@inproceedings{long2015fully,
  title={Fully convolutional networks for semantic segmentation},
  author={Long, Jonathan and Shelhamer, Evan and Darrell, Trevor},
  booktitle={Proceedings of the IEEE Conference on Computer Vision and Pattern Recognition},
  pages={3431--3440},
  year={2015}
}

@inproceedings{ronneberger2015u,
  title={U-net: Convolutional networks for biomedical image segmentation},
  author={Ronneberger, Olaf and Fischer, Philipp and Brox, Thomas},
  booktitle={International Conference on Medical Image Computing and Computer-Assisted Intervention},
  pages={234--241},
  year={2015},
  organization={Springer}
}

@article{pinheiro2016learning,
  title={Learning to refine object segments},
  author={Pinheiro, Pedro O and Lin, Tsung-Yi and Collobert, Ronan and Doll{\'a}r, Piotr},
  journal={arXiv preprint arXiv:1603.08695},
  year={2016}
}

@article{maggiori2016learning,
  title={Learning Iterative Processes with Recurrent Neural Networks to Correct Satellite Image Classification Maps},
  author={Maggiori, Emmanuel and Tarabalka, Yuliya and Charpiat, Guillaume and Alliez, Pierre},
  journal={arXiv preprint arXiv:1608.03440},
  year={2016}
}

@article{cernazanu2013segmentation,
  title={Segmentation of bone structure in X-ray images using convolutional neural network},
  author={Cernazanu-Glavan, Cosmin and Holban, Stefan},
  journal={Adv. Electr. Comput. Eng},
  volume={13},
  number={1},
  pages={87--94},
  year={2013}
}

@article{cohen2016crater,
  title={Crater Detection via Convolutional Neural Networks},
  author={Cohen, Joseph Paul and Lo, Henry Z and Lu, Tingting and Ding, Wei},
  journal={arXiv preprint arXiv:1601.00978},
  year={2016}
}

@article{shuai2015dag,
  title={Dag-recurrent neural networks for scene labeling},
  author={Shuai, Bing and Zuo, Zhen and Wang, Gang and Wang, Bing},
  journal={arXiv preprint arXiv:1509.00552},
  year={2015}
}

@article{tschopp2015efficient,
  title={Efficient convolutional neural networks for pixelwise classification on heterogeneous hardware systems},
  author={Tschopp, Fabian},
  journal={arXiv preprint arXiv:1509.03371},
  year={2015}
}

@article{bittel2015pixel,
  title={Pixel-wise segmentation of street with neural networks},
  author={Bittel, Sebastian and Kaiser, Vitali and Teichmann, Marvin and Thoma, Martin},
  journal={arXiv preprint arXiv:1511.00513},
  year={2015}
}

@article{badrinarayanan2015segnet,
  title={Segnet: A deep convolutional encoder-decoder architecture for image segmentation},
  author={Badrinarayanan, Vijay and Kendall, Alex and Cipolla, Roberto},
  journal={arXiv preprint arXiv:1511.00561},
  year={2015}
}

@article{thoma2016survey,
  title={A survey of semantic segmentation},
  author={Thoma, Martin},
  journal={arXiv preprint arXiv:1602.06541},
  year={2016}
}

@article{davy2014brain,
  title={Brain tumor segmentation with deep neural networks},
  author={Davy, Axel and Havaei, Mohammad and Warde-farley, David and Biard, Antoine and Tran, Lam and Courville, Aaron and Larochelle, Hugo and Pal, Chris and Bengio, Yoshua},
  year={2014},
  publisher={Citeseer}
}

@article{maldonado2007road,
  title={Road-sign detection and recognition based on support vector machines},
  author={Maldonado-Bascon, Saturnino and Lafuente-Arroyo, Sergio and Gil-Jimenez, Pedro and Gomez-Moreno, Hilario and L{\'o}pez-Ferreras, Francisco},
  journal={IEEE transactions on intelligent transportation systems},
  volume={8},
  number={2},
  pages={264--278},
  year={2007},
  publisher={IEEE}
}

@inproceedings{moon2002automatic,
  title={Automatic brain and tumor segmentation},
  author={Moon, Nathan and Bullitt, Elizabeth and Van Leemput, Koen and Gerig, Guido},
  booktitle={International Conference on Medical Image Computing and Computer-Assisted Intervention},
  pages={372--379},
  year={2002},
  organization={Springer}
}

@inproceedings{wei1997automatic,
  title={Automatic tracking of laparoscopic instruments by color coding},
  author={Wei, Guo-Qing and Arbter, Klaus and Hirzinger, Gerd},
  booktitle={CVRMed-MRCAS'97},
  pages={357--366},
  year={1997},
  organization={Springer}
}

@article{huang2002assessment,
  title={An assessment of support vector machines for land cover classification},
  author={Huang, C and Davis, LS and Townshend, JRG},
  journal={International Journal of remote sensing},
  volume={23},
  number={4},
  pages={725--749},
  year={2002},
  publisher={Taylor \& Francis}
}

@article{hoover1996experimental,
  title={An experimental comparison of range image segmentation algorithms},
  author={Hoover, Adam and Jean-Baptiste, Gillian and Jiang, Xiaoyi and Flynn, Patrick J and Bunke, Horst and Goldgof, Dmitry B and Bowyer, Kevin and Eggert, David W and Fitzgibbon, Andrew and Fisher, Robert B},
  journal={IEEE transactions on pattern analysis and machine intelligence},
  volume={18},
  number={7},
  pages={673--689},
  year={1996},
  publisher={IEEE}
}

@inproceedings{maturana20153d,
  title={3D convolutional neural networks for landing zone detection from lidar},
  author={Maturana, Daniel and Scherer, Sebastian},
  booktitle={2015 IEEE International Conference on Robotics and Automation (ICRA)},
  pages={3471--3478},
  year={2015},
  organization={IEEE}
}

@inproceedings{gupta2014learning,
  title={Learning rich features from RGB-D images for object detection and segmentation},
  author={Gupta, Saurabh and Girshick, Ross and Arbel{\'a}ez, Pablo and Malik, Jitendra},
  booktitle={European Conference on Computer Vision},
  pages={345--360},
  year={2014},
  organization={Springer}
}

@inproceedings{schwarz2015rgb,
  title={RGB-D object recognition and pose estimation based on pre-trained convolutional neural network features},
  author={Schwarz, Max and Schulz, Hannes and Behnke, Sven},
  booktitle={2015 IEEE International Conference on Robotics and Automation (ICRA)},
  pages={1329--1335},
  year={2015},
  organization={IEEE}
}

@article{rutzinger2008object,
  title={Object-based point cloud analysis of full-waveform airborne laser scanning data for urban vegetation classification},
  author={Rutzinger, Martin and H{\"o}fle, Bernhard and Hollaus, Markus and Pfeifer, Norbert},
  journal={Sensors},
  volume={8},
  number={8},
  pages={4505--4528},
  year={2008},
  publisher={Molecular Diversity Preservation International}
}

@inproceedings{himmelsbach2009real,
  title={Real-time object classification in 3D point clouds using point feature histograms},
  author={Himmelsbach, Michael and Luettel, Thorsten and Wuensche, H-J},
  booktitle={2009 IEEE/RSJ International Conference on Intelligent Robots and Systems},
  pages={994--1000},
  year={2009},
  organization={IEEE}
}

@inproceedings{schnabel2007efficient,
  title={Efficient RANSAC for point-cloud shape detection},
  author={Schnabel, Ruwen and Wahl, Roland and Klein, Reinhard},
  booktitle={Computer graphics forum},
  volume={26},
  number={2},
  pages={214--226},
  year={2007},
  organization={Wiley Online Library}
}

@inproceedings{he2016identity,
  title={Identity mappings in deep residual networks},
  author={He, Kaiming and Zhang, Xiangyu and Ren, Shaoqing and Sun, Jian},
  booktitle={European Conference on Computer Vision},
  pages={630--645},
  year={2016},
  organization={Springer}
}

@article{quan2016fusionnet,
  title={FusionNet: A deep fully residual convolutional neural network for image segmentation in connectomics},
  author={Quan, Tran Minh and Hilderbrand, David GC and Jeong, Won-Ki},
  journal={arXiv preprint arXiv:1612.05360},
  year={2016}
}

@article{zeng2017multi,
  title={Multi-scale Convolutional Neural Networks for Crowd Counting},
  author={Zeng, Lingke and Xu, Xiangmin and Cai, Bolun and Qiu, Suo and Zhang, Tong},
  journal={arXiv preprint arXiv:1702.02359},
  year={2017}
}

@inproceedings{goodfellow2014generative,
  title={Generative adversarial nets},
  author={Goodfellow, Ian and Pouget-Abadie, Jean and Mirza, Mehdi and Xu, Bing and Warde-Farley, David and Ozair, Sherjil and Courville, Aaron and Bengio, Yoshua},
  booktitle={Advances in neural information processing systems},
  pages={2672--2680},
  year={2014}
}

@article{radford2015unsupervised,
  title={Unsupervised representation learning with deep convolutional generative adversarial networks},
  author={Radford, Alec and Metz, Luke and Chintala, Soumith},
  journal={arXiv preprint arXiv:1511.06434},
  year={2015}
}

@inproceedings{salimans2016improved,
  title={Improved techniques for training gans},
  author={Salimans, Tim and Goodfellow, Ian and Zaremba, Wojciech and Cheung, Vicki and Radford, Alec and Chen, Xi},
  booktitle={Advances in Neural Information Processing Systems},
  pages={2226--2234},
  year={2016}
}

@inproceedings{ratliff2013characterization,
  title={Characterization and computation of local nash equilibria in continuous games},
  author={Ratliff, Lillian J and Burden, Samuel A and Sastry, S Shankar},
  booktitle={Communication, Control, and Computing (Allerton), 2013 51st Annual Allerton Conference on},
  pages={917--924},
  year={2013},
  organization={IEEE}
}

@article{luc2016semantic,
  title={Semantic Segmentation using Adversarial Networks},
  author={Luc, Pauline and Couprie, Camille and Chintala, Soumith and Verbeek, Jakob},
  journal={arXiv preprint arXiv:1611.08408},
  year={2016}
}

@article{arjovsky2017wasserstein,
  title={Wasserstein GAN},
  author={Arjovsky, Martin and Chintala, Soumith and Bottou, L{\'e}on},
  journal={arXiv preprint arXiv:1701.07875},
  year={2017}
}

@article{mao2017lsgan,
  title={Least Squares Generative Adversarial Networks},
  author={Xudong Mao, Qing Li, Haoran Xie, Raymond Y.K. Lau, Zhen Wang},
  journal={arXiv preprint arXiv:1611.04076},
  year={2017}
}

@article{kohl2017adversarial,
  title={Adversarial Networks for the Detection of Aggressive Prostate Cancer},
  author={Kohl, Simon and Bonekamp, David and Schlemmer, Heinz-Peter and Yaqubi, Kaneschka and Hohenfellner, Markus and Hadaschik, Boris and Radtke, Jan-Philipp and Maier-Hein, Klaus},
  journal={arXiv preprint arXiv:1702.08014},
  year={2017}
}